<?xml version="1.0" encoding="UTF-8"?><record xmlns="http://www.loc.gov/MARC21/slim" xmlns:cinclude="http://apache.org/cocoon/include/1.0" xmlns:zs="http://www.loc.gov/zing/srw/">
  <leader>00396nz  a2200121n  4500</leader>
  <controlfield tag="001">nb2001022485</controlfield>
  <controlfield tag="003">DLC</controlfield>
  <controlfield tag="005">20010329064108.0</controlfield>
  <controlfield tag="008">010328n| acannaabn          |n aaa      </controlfield>
  <datafield tag="010" ind1=" " ind2=" ">
    <subfield code="a">nb2001022485</subfield>
  </datafield>
  <datafield tag="040" ind1=" " ind2=" ">
    <subfield code="a">Uk</subfield>
    <subfield code="b">eng</subfield>
    <subfield code="c">Uk</subfield>
  </datafield>
  <datafield tag="100" ind1="1" ind2="0">
    <subfield code="a">Franzoni, Paolo Gerolamo,</subfield>
    <subfield code="d">1708-1778</subfield>
  </datafield>
  <datafield tag="670" ind1=" " ind2=" ">
    <subfield code="a">Profilo di Paolo Gerolamo Franzoni (1708-1778) sacerdote, 1998:</subfield>
    <subfield code="b">inside front cover (born in Geneva; a priest &amp; teacher)</subfield>
  </datafield>
</record>